<record><leader>00000cas a22000007a 4500</leader><controlfield tag="001">28408187</controlfield><controlfield tag="008">930709d19681972caudn ne      0    0eng d</controlfield><controlfield tag="009">14485</controlfield><datafield ind1=" " ind2=" " tag="010"><subfield code="a">sn 93051551 </subfield></datafield><datafield ind1=" " ind2=" " tag="040"><subfield code="a">CUY</subfield><subfield code="b">eng</subfield><subfield code="c">CNK</subfield><subfield code="d">OCLCQ</subfield></datafield><datafield ind1="1" ind2=" " tag="029"><subfield code="a">AU@</subfield><subfield code="b">000025894843</subfield></datafield><datafield ind1=" " ind2=" " tag="042"><subfield code="a">msc</subfield></datafield><datafield ind1="0" ind2=" " tag="130"><subfield code="a">Daily journal (Willows, Calif. : 1968)</subfield></datafield><datafield ind1="0" ind2="4" tag="245"><subfield code="a">The daily journal.</subfield></datafield><datafield ind1=" " ind2=" " tag="260"><subfield code="a">Willows, Calif. :</subfield><subfield code="b">E.F. Davis</subfield></datafield><datafield ind1=" " ind2=" " tag="300"><subfield code="a">v.</subfield></datafield><datafield ind1=" " ind2=" " tag="310"><subfield code="a">Daily (except Sat. and Sun.)</subfield></datafield><datafield ind1="0" ind2=" " tag="362"><subfield code="a">Vol. 91, no. 220, (Apr. 11, 1968)-v. 95, no. 48 (Feb. 1, 1972).</subfield></datafield><datafield ind1=" " ind2="4" tag="651"><subfield code="a">Willows (Calif.)</subfield><subfield code="v">Newspapers.</subfield></datafield><datafield ind1=" " ind2=" " tag="752"><subfield code="a">United States</subfield><subfield code="b">California</subfield><subfield code="c">Glenn</subfield><subfield code="d">Willow.</subfield></datafield><datafield ind1="0" ind2="0" tag="780"><subfield code="t">Willows daily journal (Willows, Calif. : 1953)</subfield><subfield code="w">(DLC)sn 93051550</subfield></datafield><datafield ind1="0" ind2="0" tag="785"><subfield code="t">Willows daily journal (Willows, Calif. : 1972)</subfield><subfield code="w">(DLC)sn 93051552</subfield></datafield></record>